<record xmlns:xsi="http://www.w3.org/2001/XMLSchema-instance" xmlns="http://www.loc.gov/MARC21/slim" xsi:schemaLocation="http://www.loc.gov/MARC21/slim http://www.loc.gov/standards/marcxml/schema/MARC21slim.xsd">

  <leader>01402nab a22001697a 4500</leader>
  <controlfield tag="005">20150917141926.0</controlfield>
  <controlfield tag="008">150917b2002    cr f|||| |||| 00| 0 spa d</controlfield>
  <datafield ind1=" " tag="090" ind2=" ">
    <subfield code="a">REVIS 06.02.01</subfield>
  </datafield>
  <datafield ind2=" " tag="100" ind1="1">
    <subfield code="9">257</subfield>
    <subfield code="a">Rojas Blanco, Lillyam</subfield>
  </datafield>
  <datafield ind1="1" ind2="2" tag="245">
    <subfield code="a">A propósito del voseo: su historia, su morfología y su situación en Costa Rica /</subfield>
    <subfield code="c">Lillyam Rojas Blanco</subfield>
  </datafield>
  <datafield ind1=" " ind2=" " tag="260">
    <subfield code="a">San José, Costa Rica :</subfield>
    <subfield code="b">Editorial Universidad de Costa Rica,</subfield>
    <subfield code="c">2003</subfield>
  </datafield>
  <datafield ind2=" " tag="300" ind1=" ">
    <subfield code="a">páginas 143-163</subfield>
  </datafield>
  <datafield tag="520" ind2=" " ind1=" ">
    <subfield code="a">La enseñanza y aprendizaje de la lengua materna, dentro de un contexto social, involucra, también, el entorno cultural. En este marco, se pretende, en concreto, un aporte a la capacitación de los docentes en lo relativo al estudio diacrónico y sincrónico de la lengua española, en específico, a las formas de tratamiento de segunda persona singular, enfatizando en el paradigma de conjugación del voseo; se persigue tomar conciencia de que hay que valorar el dialécto propio, como medio de identidad socio-cultural, y en el hecho de que el empleo de vos no implica para nada una corrupción de la lengua y que no es un fenómeno circunscrito a Costa Rica, sino que es general a la América hispanohablante</subfield>
  </datafield>
  <datafield tag="650" ind2="4" ind1="1">
    <subfield code="9">1</subfield>
    <subfield code="a">EDUCACIÓN</subfield>
  </datafield>
  <datafield ind1="0" ind2=" " tag="773">
    <subfield code="d">San José, Costa Rica : Editorial de la Universidad de Costa Rica, 1997-</subfield>
    <subfield code="o">R0202</subfield>
    <subfield code="t">EDUCACIÓN: Revista de la Universidad de Costa Rica</subfield>
    <subfield code="g">Vol.27, no.2  (2003)</subfield>
  </datafield>
  <datafield ind1=" " tag="942" ind2=" ">
    <subfield code="2">z</subfield>
    <subfield code="c">10</subfield>
  </datafield>
  <datafield tag="999" ind2=" " ind1=" ">
    <subfield code="c">2876</subfield>
    <subfield code="d">2876</subfield>
  </datafield>
</record>